<record><leader>00000cas a2200000 a 4500</leader><controlfield tag="001">31129960</controlfield><controlfield tag="008">940916d18771877iludr ne      0   a0eng c</controlfield><datafield ind1=" " ind2=" " tag="010"><subfield code="a">sn 94060568 </subfield></datafield><datafield ind1=" " ind2=" " tag="040"><subfield code="a">NVF</subfield><subfield code="b">eng</subfield><subfield code="c">NVF</subfield><subfield code="d">NVF</subfield><subfield code="d">OCLCQ</subfield><subfield code="d">OCLCF</subfield><subfield code="d">OCLCO</subfield><subfield code="d">NVF</subfield><subfield code="d">OCLCO</subfield><subfield code="d">OCL</subfield></datafield><datafield ind1="1" ind2=" " tag="029"><subfield code="a">AU@</subfield><subfield code="b">000011276950</subfield></datafield><datafield ind1=" " ind2=" " tag="042"><subfield code="a">pcc</subfield></datafield><datafield ind1=" " ind2=" " tag="043"><subfield code="a">n-us-il</subfield></datafield><datafield ind1="0" ind2=" " tag="130"><subfield code="a">Lena daily star (Lena, Ill. : 1877)</subfield></datafield><datafield ind1="1" ind2="0" tag="245"><subfield code="a">Lena daily star.</subfield></datafield><datafield ind1=" " ind2=" " tag="260"><subfield code="a">Lena, Ill. :</subfield><subfield code="b">J.W. Newcomer,</subfield><subfield code="c">1877.</subfield></datafield><datafield ind1=" " ind2=" " tag="300"><subfield code="a">v.</subfield></datafield><datafield ind1=" " ind2=" " tag="310"><subfield code="a">Daily</subfield></datafield><datafield ind1="0" ind2=" " tag="362"><subfield code="a">Vol. 1, no. 1 (Nov. 13, 1877)-v. 1, no. 5 (Nov. 17, 1877).</subfield></datafield><datafield ind1=" " ind2=" " tag="500"><subfield code="a">"Published throughout the session of the Stephenson County Teacher's Institute."</subfield></datafield><datafield ind1=" " ind2=" " tag="580"><subfield code="a">Weekly ed.: Lena star (Lena, Ill. : 1867).</subfield></datafield><datafield ind1=" " ind2="0" tag="650"><subfield code="a">Teaching</subfield><subfield code="x">Vocational guidance</subfield><subfield code="z">Illinois</subfield><subfield code="z">Stephenson County</subfield><subfield code="v">Newspapers.</subfield></datafield><datafield ind1=" " ind2="0" tag="650"><subfield code="a">Teachers' workshops</subfield><subfield code="z">Illinois</subfield><subfield code="z">Stephenson County</subfield><subfield code="v">Newspapers.</subfield></datafield><datafield ind1=" " ind2="0" tag="650"><subfield code="a">Teachers</subfield><subfield code="x">Training of</subfield><subfield code="z">Illinois</subfield><subfield code="z">Stephenson County</subfield><subfield code="v">Newspapers.</subfield></datafield><datafield ind1=" " ind2="0" tag="651"><subfield code="a">Lena (Ill.)</subfield><subfield code="v">Newspapers.</subfield></datafield><datafield ind1=" " ind2="7" tag="655"><subfield code="a">Newspapers.</subfield><subfield code="2">fast</subfield><subfield code="0">(OCoLC)fst01423814</subfield></datafield><datafield ind1=" " ind2="7" tag="650"><subfield code="a">Teachers</subfield><subfield code="x">Training of.</subfield><subfield code="2">fast</subfield><subfield code="0">(OCoLC)fst01144404</subfield></datafield><datafield ind1=" " ind2="7" tag="650"><subfield code="a">Teachers' workshops.</subfield><subfield code="2">fast</subfield><subfield code="0">(OCoLC)fst01144542</subfield></datafield><datafield ind1=" " ind2="7" tag="650"><subfield code="a">Teaching</subfield><subfield code="x">Vocational guidance.</subfield><subfield code="2">fast</subfield><subfield code="0">(OCoLC)fst01144625</subfield></datafield><datafield ind1=" " ind2="7" tag="651"><subfield code="a">Illinois</subfield><subfield code="z">Lena.</subfield><subfield code="2">fast</subfield><subfield code="0">(OCoLC)fst01235410</subfield></datafield><datafield ind1=" " ind2="7" tag="651"><subfield code="a">Illinois</subfield><subfield code="z">Stephenson County.</subfield><subfield code="2">fast</subfield><subfield code="0">(OCoLC)fst01213231</subfield></datafield><datafield ind1="2" ind2=" " tag="710"><subfield code="a">Stephenson County Teacher's Institute (Ill.).</subfield><subfield code="k">Newspapers.</subfield></datafield><datafield ind1=" " ind2=" " tag="752"><subfield code="a">United States</subfield><subfield code="b">Illinois</subfield><subfield code="c">Stephenson</subfield><subfield code="d">Lena.</subfield></datafield><datafield ind1="1" ind2=" " tag="775"><subfield code="t">Lena star (Lena, Ill. : 1867)</subfield><subfield code="w">(DLC)sn 84038536</subfield><subfield code="w">(OCoLC)11332483</subfield></datafield></record>